@MISC{Gallagher09fipspub,
    author = {Patrick Gallagher and Deputy Director Foreword and Cita Furlani Director},
    title = {FIPS PUB 186-3 FEDERAL INFORMATION PROCESSING STANDARDS PUBLICATION Digital Signature Standard (DSS)},
    year = {2009}
}

@INPROCEEDINGS{DBLP:conf/eurocrypt/Paillier99,
  author = {Pascal Paillier},
  title = {Public-Key Cryptosystems Based on Composite Degree Residuosity Classes},
  booktitle = {EUROCRYPT},
  year = {1999},
  pages = {223-238},
  bibsource = {DBLP, http://dblp.uni-trier.de},
  ee = {http://link.springer.de/link/service/series/0558/bibs/1592/15920223.htm}
}

@book{carmichael1914theory,
  title={The theory of numbers},
  author={Carmichael, R.D.},
  lccn={14007045},
  series={Mathematical monographs},
  url={http://books.google.fr/books?id=ZoYUAAAAYAAJ},
  year={1914},
  publisher={J. Wiley \& Sons, inc.}
}

@misc{Wei:wolfram:MMG,
 author = "Weisstein, Eric W.",
 title = "Modulo Multiplication Group. { From MathWorld--A Wolfram Web Resource}",
 note = {Last visited on 31/05/2012},
 url = {http://mathworld.wolfram.com/ModuloMultiplicationGroup.html}
}

@ARTICLE{Feigenbaum91onthe,
    author = {Joan Feigenbaum and Lance Fortnow},
    title = {On The Random-Self-Reducibility Of Complete Sets},
    journal = {SIAM Journal on Computing},
    year = {1991},
    volume = {22},
    pages = {994--1005}
}

@book{gauss1966disquisitiones,
  title={Disquisitiones arithmeticae},
  author={Gauss, C.F.},
  isbn={9780300094732},
  lccn={lc65022318},
  series={Yale paperbound},
  url={http://books.google.fr/books?id=iRbmmhOLA1kC},
  year={1966},
  publisher={Yale University Press}
}

@inproceedings{Damgard:2001:GSA:648118.746742,
 author = {Damg{\aa}rd, Ivan and Jurik, Mats},
 title = {A Generalisation, a Simplification and Some Applications of Paillier's Probabilistic Public-Key System},
 booktitle = {Proceedings of the 4th International Workshop on Practice and Theory in Public Key Cryptography: Public Key Cryptography},
 series = {PKC '01},
 year = {2001},
 isbn = {3-540-41658-7},
 pages = {119--136},
 numpages = {18},
 url = {http://dl.acm.org/citation.cfm?id=648118.746742},
 acmid = {746742},
 publisher = {Springer-Verlag},
 address = {London, UK, UK},
}

@book{stein2001introduction,
  title={Introduction To Algorithms},
  author={Stein, C. and Cormen, T.H. and Rivest, R.L. and Leiserson, C.E.},
  isbn={9780262032933},
  lccn={00103127},
  url={http://books.google.fr/books?id=NLngYyWFl\_YC},
  year={2001},
  publisher={MIT Press}
}

@inproceedings{Fouque00sharingdecryption,
 author = {Fouque, Pierre-Alain and Poupard, Guillaume and Stern, Jacques},
 title = {Sharing Decryption in the Context of Voting or Lotteries},
 booktitle = {Proceedings of the 4th International Conference on Financial Cryptography},
 series = {FC '00},
 year = {2001},
 isbn = {3-540-42700-7},
 pages = {90--104},
 numpages = {15},
 url = {http://dl.acm.org/citation.cfm?id=647504.728486},
 acmid = {728486},
 publisher = {Springer-Verlag},
 address = {London, UK, UK},
} 


@inproceedings{Shoup99practicalthreshold,
  title={Practical Threshold Signatures.},
  booktitle={Advances in Cryptology - EUROCRYPT 2000, International Conference on the Theory and Application of Cryptographic Techniques, Bruges, Belgium, May 14-18, 2000, Proceeding},
  pages={207-220},
  url={http://www.iacr.org/cryptodb/archive/2000/EUROCRYPT/18070207.pdf},
  doi={10.1007/3-540-45539-6_15},
  authors={Victor Shoup},
  year=2000
}


@article{journals/joc/FeigeFS88,
  added-at = {2011-05-24T00:00:00.000+0200},
  author = {Feige, Uriel and Fiat, Amos and Shamir, Adi},
  biburl = {http://www.bibsonomy.org/bibtex/2ca7501f92f8826d4b619768923a837f0/dblp},
  ee = {http://dx.doi.org/10.1007/BF02351717},
  interhash = {baedcd800a59dc8f99967b0501785d4f},
  intrahash = {ca7501f92f8826d4b619768923a837f0},
  journal = {J. Cryptology},
  keywords = {dblp},
  number = 2,
  pages = {77-94},
  timestamp = {2011-05-24T00:00:00.000+0200},
  title = {Zero-Knowledge Proofs of Identity.},
  url = {http://dblp.uni-trier.de/db/journals/joc/joc1.html#FeigeFS88},
  volume = 1,
  year = 1988
}


@unpublished{ kert:2006,
	author = {K. Richardson}, 
	title  = {Progress on Probabilistic Encryption Schemes}, 
	note   = {Master's Degree Project},
	year   = {2006},
	organization = {Rochester Institute of Technology}
}


@book{wernick1942complete,
  title={Complete Sets of Logical Functions},
  author={Wernick, W.},
  lccn={a42003649},
  url={http://books.google.fr/books?id=es8ecAAACAAJ},
  year={1942},
  publisher={New York University, Graduate School of Arts and Science}
}

@phdthesis{homenc,
     author = {Craig Gentry},
     title = {A fully homomorphic encryption scheme},
     school = {Stanford University},
     year = 2009,
     note = {\url{crypto.stanford.edu/craig}}
}
