@inproceedings{borotschnig1998active,
  title={Active Object Recognition in Parametric Eigenspace.},
  author={Borotschnig, Hermann and Paletta, Lucas and Prantl, Manfred and Pinz, Axel and others},
  booktitle={BMVC},
  pages={1--10},
  year={1998},
  organization={Citeseer}
}

@inproceedings{bulthoff2002view,
  title={View-based dynamic object recognition based on human perception},
  author={Bulthoff, Heinrich H and Wallraven, Christian and Graf, Arnulf},
  booktitle={Pattern Recognition, 2002. Proceedings. 16th International Conference on},
  volume={3},
  pages={768--776},
  year={2002},
  organization={IEEE}
}

@article{ali2014contextual,
  title={Contextual object category recognition for RGB-D scene labeling},
  author={Ali, Haider and Shafait, Faisal and Giannakidou, Eirini and Vakali, Athena and Figueroa, Nadia and Varvadoukas, Theodoros and Mavridis, Nikolaos},
  journal={Robotics and Autonomous Systems},
  volume={62},
  number={2},
  pages={241--256},
  year={2014},
  publisher={Elsevier}
}

@inproceedings{le2014global,
  title={Global Robot Ego-localization Combining Image Retrieval and HMM-based Filtering},
  author={Le Barz, C{\'e}dric and Thome, Nicolas and Cord, Matthieu and Herbin, St{\'e}phane and Sanfourche, Martial},
  booktitle={6th Workshop on Planning, Perception and Navigation for Intelligent Vehicles},
  pages={6--p},
  year={2014}
}

@inproceedings{duceux2014unsupervised,
  title={Unsupervised and online non-stationary obstacle discovery and modeling using a laser range finder},
  author={Duceux, Guillaume and Filliat, David},
  booktitle={Intelligent Robots and Systems (IROS 2014), 2014 IEEE/RSJ International Conference on},
  pages={593--599},
  year={2014},
  organization={IEEE}
}

@inproceedings{caron2014neural,
  title={Neural Network Fusion of Color, Depth and Location for Object Instance Recognition on a Mobile Robot},
  author={Caron, Louis-Charles and Filliat, David and Gepperth, Alexander},
  booktitle={Computer Vision-ECCV 2014 Workshops},
  pages={791--805},
  year={2014},
  organization={Springer}
}

@inproceedings{rusu2010fast,
  title={Fast 3d recognition and pose using the viewpoint feature histogram},
  author={Rusu, Radu Bogdan and Bradski, Gary and Thibaux, Romain and Hsu, John},
  booktitle={Intelligent Robots and Systems (IROS), 2010 IEEE/RSJ International Conference on},
  pages={2155--2162},
  year={2010},
  organization={IEEE}
}

@article{burel1995three,
  title={Three-dimensional invariants and their application to object recognition},
  author={Burel, Gilles and H{\'e}nocq, Hugues},
  journal={Signal Processing},
  volume={45},
  number={1},
  pages={1--22},
  year={1995},
  publisher={Elsevier}
}

@article{johnson1999using,
  title={Using spin images for efficient object recognition in cluttered 3D scenes},
  author={Johnson, Andrew E and Hebert, Martial},
  journal={Pattern Analysis and Machine Intelligence, IEEE Transactions on},
  volume={21},
  number={5},
  pages={433--449},
  year={1999},
  publisher={IEEE}
}

@inproceedings{gatzke2005curvature,
  title={Curvature maps for local shape comparison},
  author={Gatzke, Timothy and Grimm, Cindy and Garland, Michael and Zelinka, Steve},
  booktitle={Shape Modeling and Applications, 2005 International Conference},
  pages={244--253},
  year={2005},
  organization={IEEE}
}

@inproceedings{rusu2009fast,
  title={Fast point feature histograms (FPFH) for 3D registration},
  author={Rusu, Radu Bogdan and Blodow, Nico and Beetz, Michael},
  booktitle={Robotics and Automation, 2009. ICRA'09. IEEE International Conference on},
  pages={3212--3217},
  year={2009},
  organization={IEEE}
}

@inproceedings{ben2008characterizing,
  title={Characterizing Shape Using Conformal Factors.},
  author={Ben-Chen, Mirela and Gotsman, Craig},
  booktitle={3DOR},
  pages={1--8},
  year={2008}
}

@inproceedings{lai2011large,
  title={A large-scale hierarchical multi-view rgb-d object dataset},
  author={Lai, Kevin and Bo, Liefeng and Ren, Xiaofeng and Fox, Dieter},
  booktitle={Robotics and Automation (ICRA), 2011 IEEE International Conference on},
  pages={1817--1824},
  year={2011},
  organization={IEEE}
}

@inproceedings{rusu20113d,
  title={3d is here: Point cloud library (pcl)},
  author={Rusu, Radu Bogdan and Cousins, Steve},
  booktitle={Robotics and Automation (ICRA), 2011 IEEE International Conference on},
  pages={1--4},
  year={2011},
  organization={IEEE}
}

@ARTICLE{Aldoma2012,
author={Aldoma, A. and Marton, Zoltan-Csaba and Tombari, F. and Wohlkinger, W. and Potthast, C. and Zeisl, B. and Rusu, R.B. and Gedikli, S. and Vincze, M.},
journal={Robotics Automation Magazine, IEEE},
title={Tutorial: Point Cloud Library: Three-Dimensional Object Recognition and 6 DOF Pose Estimation},
year={2012},
month={Sept},
volume={19},
number={3},
pages={80-91},
}

@inproceedings{browatzki2012active,
  title={Active object recognition on a humanoid robot},
  author={Browatzki, Bj{\"o}rn and Tikhanoff, Vadim and Metta, Giorgio and B{\"u}lthoff, Heinrich H and Wallraven, Christian},
  booktitle={Robotics and Automation (ICRA), 2012 IEEE International Conference on},
  pages={2021--2028},
  year={2012},
  organization={IEEE}
}

@article{roy2004active,
  title={Active recognition through next view planning: a survey},
  author={Roy, Sumantra Dutta and Chaudhury, Santanu and Banerjee, Subhashis},
  journal={Pattern Recognition},
  volume={37},
  number={3},
  pages={429--446},
  year={2004},
  publisher={Elsevier}
}

@article{roy2000isolated,
  title={Isolated 3D object recognition through next view planning},
  author={Roy, Sanjay Dhar and Chaudhury, Santanu and Banerjee, Sean},
  journal={Systems, Man and Cybernetics, Part A: Systems and Humans, IEEE Transactions on},
  volume={30},
  number={1},
  pages={67--76},
  year={2000},
  publisher={IEEE}
}

@inproceedings{collet2010efficient,
  title={Efficient multi-view object recognition and full pose estimation},
  author={Collet, Alvaro and Srinivasa, Siddhartha S},
  booktitle={Robotics and Automation (ICRA), 2010 IEEE International Conference on},
  pages={2050--2055},
  year={2010},
  organization={IEEE}
}

@article{kragic2009object,
  title={Object search and localization for an indoor mobile robot},
  author={Kragic, Danica},
  journal={CIT. Journal of Computing and Information Technology},
  volume={17},
  number={1},
  pages={67--80},
  year={2009},
  publisher={SRCE-Sveu{\v{c}}ili{\v{s}}ni ra{\v{c}}unski centar}
}

@misc{fpfh_estimation,
  author       = {PCL tutorial},
  title        = {FPFH estimation},
  howpublished = {http://pointclouds.org/documentation/tutorials/fpfh_estimation.php}
}

%%%%%%%%%%%%%%%%%%%%%%%%%%%%%%%%%%%%%%%%%%%%%
% deep learning, features, saillance, Cedric, guillaume, tabletop


@article{borji2013state,
  title={State-of-the-art in visual attention modeling},
  author={Borji, Ali and Itti, Laurent},
  journal={Pattern Analysis and Machine Intelligence, IEEE Transactions on},
  volume={35},
  number={1},
  pages={185--207},
  year={2013},
  publisher={IEEE}
}

@article{delorme1999spikenet,
  title={SpikeNET: A simulator for modeling large networks of integrate and fire neurons},
  author={Delorme, Arnaud and Gautrais, Jacques and van Rullen, Rufin and Thorpe, Simon},
  journal={Neurocomputing},
  volume={26},
  pages={989--996},
  year={1999},
  publisher={Elsevier}
}

@article{itti2001computational,
  title={Computational modelling of visual attention},
  author={Itti, Laurent and Koch, Christof},
  journal={Nature reviews neuroscience},
  volume={2},
  number={3},
  pages={194--203},
  year={2001},
  publisher={Nature Publishing Group}
}

@article{gottlieb2013information,
  title={Information-seeking, curiosity, and attention: computational and neural mechanisms},
  author={Gottlieb, Jacqueline and Oudeyer, Pierre-Yves and Lopes, Manuel and Baranes, Adrien},
  journal={Trends in cognitive sciences},
  volume={17},
  number={11},
  pages={585--593},
  year={2013},
  publisher={Elsevier}
}

@article{henderson2003human,
  title={Human gaze control during real-world scene perception},
  author={Henderson, John M},
  journal={Trends in cognitive sciences},
  volume={7},
  number={11},
  pages={498--504},
  year={2003},
  publisher={Elsevier}
}

@article{benoit2010using,
  title={Using human visual system modeling for bio-inspired low level image processing},
  author={Benoit, Alexandre and Caplier, Alice and Durette, Barth{\'e}l{\'e}my and H{\'e}rault, Jeanny},
  journal={Computer vision and Image understanding},
  volume={114},
  number={7},
  pages={758--773},
  year={2010},
  publisher={Elsevier}
}

@inproceedings{krizhevsky2012imagenet,
  title={Imagenet classification with deep convolutional neural networks},
  author={Krizhevsky, Alex and Sutskever, Ilya and Hinton, Geoffrey E},
  booktitle={Advances in neural information processing systems},
  pages={1097--1105},
  year={2012}
}

@misc{mit-saliency-benchmark,
  author       = {Zoya Bylinskii and Tilke Judd and Fr{\'e}do Durand and Aude Oliva and Antonio Torralba},
  title        = {MIT Saliency Benchmark},
  howpublished = {http://saliency.mit.edu/}
}

@incollection{jiang2014saliency,
  title={Saliency in Crowd},
  author={Jiang, Ming and Xu, Juan and Zhao, Qi},
  booktitle={Computer Vision--ECCV 2014},
  pages={17--32},
  year={2014},
  publisher={Springer}
}

@article{xu2014predicting,
  title={Predicting human gaze beyond pixels},
  author={Xu, Juan and Jiang, Ming and Wang, Shuo and Kankanhalli, Mohan S and Zhao, Qi},
  journal={Journal of vision},
  volume={14},
  number={1},
  pages={28},
  year={2014},
  publisher={Association for Research in Vision and Ophthalmology}
}



@article{bruce2007attention,
  title={Attention based on information maximization},
  author={Bruce, Neil and Tsotsos, John},
  journal={Journal of Vision},
  volume={7},
  number={9},
  pages={950--950},
  year={2007},
  publisher={Association for Research in Vision and Ophthalmology}
}

@inproceedings{zhang2013saliency,
  title={Saliency detection: a boolean map approach},
  author={Zhang, Jianming and Sclaroff, Stan},
  booktitle={Computer Vision (ICCV), 2013 IEEE International Conference on},
  pages={153--160},
  year={2013},
  organization={IEEE}
}

@article{erdem2013visual,
  title={Visual saliency estimation by nonlinearly integrating features using region covariances},
  author={Erdem, Erkut and Erdem, Aykut},
  journal={Journal of vision},
  volume={13},
  number={4},
  pages={11},
  year={2013},
  publisher={Association for Research in Vision and Ophthalmology}
}

@inproceedings{harel2006graph,
  title={Graph-based visual saliency},
  author={Harel, Jonathan and Koch, Christof and Perona, Pietro},
  booktitle={Advances in neural information processing systems},
  pages={545--552},
  year={2006}
}

@inproceedings{hou2007saliency,
  title={Saliency detection: A spectral residual approach},
  author={Hou, Xiaodi and Zhang, Liqing},
  booktitle={Computer Vision and Pattern Recognition, 2007. CVPR'07. IEEE Conference on},
  pages={1--8},
  year={2007},
  organization={IEEE}
}

@article{itti1998model,
  title={A model of saliency-based visual attention for rapid scene analysis},
  author={Itti, Laurent and Koch, Christof and Niebur, Ernst},
  journal={IEEE Transactions on pattern analysis and machine intelligence},
  volume={20},
  number={11},
  pages={1254--1259},
  year={1998},
  publisher={IEEE Computer Society}
}

@inproceedings{rudinac2010saliency,
  title={Saliency detection and object localization in indoor environments},
  author={Rudinac, Maja and Jonker, Pieter P},
  booktitle={Pattern Recognition (ICPR), 2010 20th International Conference on},
  pages={404--407},
  year={2010},
  organization={IEEE}
}

@article{hou2012image,
  title={Image signature: Highlighting sparse salient regions},
  author={Hou, Xiaodi and Harel, Jonathan and Koch, Christof},
  journal={Pattern Analysis and Machine Intelligence, IEEE Transactions on},
  volume={34},
  number={1},
  pages={194--201},
  year={2012},
  publisher={IEEE}
}

@article{mishra2012active,
  title={Active visual segmentation},
  author={Mishra, Ajay K and Aloimonos, Yiannis and Cheong, Loong-Fah and Kassim, Ashraf A},
  journal={Pattern Analysis and Machine Intelligence, IEEE Transactions On},
  volume={34},
  number={4},
  pages={639--653},
  year={2012},
  publisher={IEEE}
}

@inproceedings{mishra2009active,
  title={Active segmentation with fixation},
  author={Mishra, Ajay and Aloimonos, Yiannis and Fah, Cheong Loong},
  booktitle={Computer Vision, 2009 IEEE 12th International Conference on},
  pages={468--475},
  year={2009},
  organization={IEEE}
}

@misc{aloimonos2010robots,
  author       = {Yiannis Aloimonos},
  title        = {ROBOTS WITH VISION THAT FIND OBJECTS},
  howpublished = {http://www.umiacs.umd.edu/research/SRVC/NSF-project/}
}

@misc{lecerveauatouslesniveaux,
  author       = {McGill University},
  title        = {Le cerveau à tous les niveaux},
  howpublished = {http://lecerveau.mcgill.ca/}
}


@article{baranes2009r,
  title={R-IAC: Robust intrinsically motivated exploration and active learning},
  author={Baran{\`e}s, Adrien and Oudeyer, P-Y},
  journal={Autonomous Mental Development, IEEE Transactions on},
  volume={1},
  number={3},
  pages={155--169},
  year={2009},
  publisher={IEEE}
}

@article{baranes2013active,
  title={Active learning of inverse models with intrinsically motivated goal exploration in robots},
  author={Baranes, Adrien and Oudeyer, Pierre-Yves},
  journal={Robotics and Autonomous Systems},
  volume={61},
  number={1},
  pages={49--73},
  year={2013},
  publisher={Elsevier}
}

@inproceedings{bazzani2010learning,
  title={Learning attentional mechanisms for simultaneous object tracking and recognition with deep networks},
  author={Bazzani, Loris and de Freitas, Nando and Ting, Jo-Anne},
  booktitle={NIPS 2010 Deep Learning and Unsupervised Feature Learning Workshop},
  year={2010}
}

@article{bjorkman2006vision,
  title={Vision in the real world: Finding, attending and recognizing objects},
  author={Bj{\"o}rkman, M{\aa}rten and Eklundh, Jan-Olof},
  journal={International Journal of Imaging Systems and Technology},
  volume={16},
  number={5},
  pages={189--208},
  year={2006},
  publisher={Wiley Online Library}
}

@inproceedings{bjorkman2010active,
  title={Active 3D scene segmentation and detection of unknown objects},
  author={Bj{\"o}rkman, M{\aa}rten and Kragic, Danica},
  booktitle={Robotics and Automation (ICRA), 2010 IEEE International Conference on},
  pages={3114--3120},
  year={2010},
  organization={IEEE}
}

@inproceedings{bjorkman2004combination,
  title={Combination of foveal and peripheral vision for object recognition and pose estimation},
  author={Bjorkman, M and Kragic, Danica},
  booktitle={Robotics and Automation, 2004. Proceedings. ICRA'04. 2004 IEEE International Conference on},
  volume={5},
  pages={5135--5140},
  year={2004},
  organization={IEEE}
}

@inproceedings{borji2009learning,
  title={Learning sequential visual attention control through dynamic state space discretization},
  author={Borji, Ali and Ahmadabadi, Majid Nili and Araabi, Babak Nadjar},
  booktitle={Robotics and Automation, 2009. ICRA'09. IEEE International Conference on},
  pages={2258--2263},
  year={2009},
  organization={IEEE}
}

@inproceedings{borji2010simultaneous,
  title={Simultaneous learning of spatial visual attention and physical actions},
  author={Borji, Ali and Ahmadabadi, Majid Nili and Araabi, Babak Nadjar},
  booktitle={Intelligent Robots and Systems (IROS), 2010 IEEE/RSJ International Conference on},
  pages={1270--1276},
  year={2010},
  organization={IEEE}
}

@article{borji2010online,
  title={Online learning of task-driven object-based visual attention control},
  author={Borji, Ali and Ahmadabadi, Majid Nili and Araabi, Babak Nadjar and Hamidi, Mandana},
  journal={Image and Vision Computing},
  volume={28},
  number={7},
  pages={1130--1145},
  year={2010},
  publisher={Elsevier}
}

@article{canas2008overt,
  title={An overt visual attention mechanism based on saliency dynamics},
  author={Ca{\~n}as, Jos{\'e} M and de la Casa, Marta Mart{\'\i}nez and Gonz{\'a}lez, Teodoro},
  journal={International Journal of Intelligent Computing in Medical Sciences \& Image Processing},
  volume={2},
  number={2},
  pages={93--100},
  year={2008},
  publisher={Taylor \& Francis}
}

@inproceedings{cheng2011global,
  title={Global contrast based salient region detection},
  author={Cheng, Ming-Ming and Zhang, Guo-Xin and Mitra, Niloy J and Huang, Xiaolei and Hu, Shi-Min},
  booktitle={Computer Vision and Pattern Recognition (CVPR), 2011 IEEE Conference on},
  pages={409--416},
  year={2011},
  organization={IEEE}
}

@article{dicarlo2012does,
  title={How does the brain solve visual object recognition?},
  author={DiCarlo, James J and Zoccolan, Davide and Rust, Nicole C},
  journal={Neuron},
  volume={73},
  number={3},
  pages={415--434},
  year={2012},
  publisher={Elsevier}
}

@article{frintrop2010computational,
  title={Computational visual attention systems and their cognitive foundations: A survey},
  author={Frintrop, Simone and Rome, Erich and Christensen, Henrik I},
  journal={ACM Transactions on Applied Perception (TAP)},
  volume={7},
  number={1},
  pages={6},
  year={2010},
  publisher={ACM}
}

@article{crouzet2011visual,
  title={What are the visual features underlying rapid object recognition?},
  author={Crouzet, S{\'e}bastien M and Serre, Thomas},
  journal={Frontiers in psychology},
  volume={2},
  year={2011},
  publisher={Frontiers Media SA}
}

@phdthesis{fix2008mecanismes,
  title={M{\'e}canismes num{\'e}riques et distribu{\'e}s de l'anticipation motrice},
  author={Fix, J{\'e}r{\'e}my},
  year={2008},
  school={Universit{\'e} Henri Poincar{\'e}-Nancy I}
}

@inproceedings{gonccalves1999framework,
  title={A framework for attention and object categorization using a stereo head robot},
  author={Gon{\c{c}}alves, Luiz MG and Oliveira, Antonio AF and Grupen, Roderic A},
  booktitle={Computer Graphics and Image Processing, 1999. Proceedings. XII Brazilian Symposium on},
  pages={143--152},
  year={1999},
  organization={IEEE}
}

@inproceedings{gonccalves1999learning,
  title={Learning policies for attentional control},
  author={Gon{\c{c}}alves, Luiz Marcos Garcia and Giraldi, Gilson A and Oliveira, Antonio AF and Grupen, Roderic A},
  booktitle={Computational Intelligence in Robotics and Automation, 1999. CIRA'99. Proceedings. 1999 IEEE International Symposium on},
  pages={294--299},
  year={1999},
  organization={IEEE}
}

@inproceedings{gould2007peripheral,
  title={Peripheral-Foveal Vision for Real-time Object Recognition and Tracking in Video.},
  author={Gould, Stephen and Arfvidsson, Joakim and Kaehler, Adrian and Sapp, Benjamin and Messner, Marius and Bradski, Gary R and Baumstarck, Paul and Chung, Sukwon and Ng, Andrew Y},
  booktitle={IJCAI},
  volume={7},
  pages={2115--2121},
  year={2007}
}


@article{huang2002novelty,
  title={Novelty and reinforcement learning in the value system of developmental robots},
  author={Huang, Xiao and Weng, John},
  year={2002},
  publisher={Lund University Cognitive Studies}
}

@article{hulse2010integration,
  title={Integration of active vision and reaching from a developmental robotics perspective},
  author={Hulse, M and McBride, Sebastian and Law, James and Lee, Mark},
  journal={Autonomous Mental Development, IEEE Transactions on},
  volume={2},
  number={4},
  pages={355--367},
  year={2010},
  publisher={IEEE}
}

@INPROCEEDINGS{2012ACTI2527,
  CATEGORY = {ACTI},
  AUTHOR = {Ivaldi, S. and Lyubova, N. and Gérardeaux-Viret, D. and Droniou, A. and Anzalone, S. M. and Chetouani, M. and Filliat, D. and Sigaud, O.},
  TITLE = {Perception and human interaction for developmental learning of objects and affordances},
  YEAR = {2012},
  PDF = {http://www.isir.upmc.fr/files/2012ACTI2527.pdf},
  BOOKTITLE = {Proc. of the 12th IEEE-RAS International Conference on Humanoid Robots - HUMANOIDS},
  PAGES = {1-8}
}

@article{jodogne2007closed,
  title={Closed-Loop Learning of Visual Control Policies.},
  author={Jodogne, S{\'e}bastien and Piater, Justus H},
  journal={J. Artif. Intell. Res.(JAIR)},
  volume={28},
  pages={349--391},
  year={2007}
}

@article{kanan2007nimbler,
  title={NIMBLER: A Model of Visual Attention and Object Recognition With a Biologically Plausible Retina},
  author={Kanan, Christopher},
  journal={CSE 252C Fall 2007},
  year={2007}
}

@incollection{kaplan2004maximizing,
  title={Maximizing learning progress: an internal reward system for development},
  author={Kaplan, Fr{\'e}d{\'e}ric and Oudeyer, Pierre-Yves},
  booktitle={Embodied artificial intelligence},
  pages={259--270},
  year={2004},
  publisher={Springer}
}

@article{kaplan2007search,
  title={In search of the neural circuits of intrinsic motivation},
  author={Kaplan, Frederic and Oudeyer, Pierre-Yves},
  journal={Frontiers in neuroscience},
  volume={1},
  number={1},
  pages={225},
  year={2007},
  publisher={Frontiers Research Foundation}
}

@article{KavakEE13Visual,
  author    = {Yasin Kavak and
               Erkut Erdem and
               Aykut Erdem},
  title     = {Visual saliency estimation by integrating features using
               multiple kernel learning},
  journal   = {CoRR},
  volume    = {abs/1307.5693},
  year      = {2013},
  ee        = {http://arxiv.org/abs/1307.5693},
  bibsource = {DBLP, http://dblp.uni-trier.de}
}

@book{klein2012salient,
  title={Salient Pattern Detection Using W 2 on Multivariate Normal Distributions},
  author={Klein, Dominik Alexander and Frintrop, Simone},
  year={2012},
  publisher={Springer}
}

@incollection{kober2012reinforcement,
  title={Reinforcement learning in robotics: A survey},
  author={Kober, Jens and Peters, Jan},
  booktitle={Reinforcement Learning},
  pages={579--610},
  year={2012},
  publisher={Springer}
}

@inproceedings{kollar2009utilizing,
  title={Utilizing object-object and object-scene context when planning to find things},
  author={Kollar, Thomas and Roy, Nicholas},
  booktitle={Robotics and Automation, 2009. ICRA'09. IEEE International Conference on},
  pages={2168--2173},
  year={2009},
  organization={IEEE}
}

@INPROCEEDINGS{kootstra2007Robotics,
author={Kootstra, G. and Ypma, J. and de Boer, B.},
booktitle={Robotics and Biomimetics, 2007. ROBIO 2007. IEEE International Conference on},
title={Exploring objects for recognition in the real word},
year={2007},
month={Dec},
pages={429-434}
}

@article{kormushev2013reinforcement,
  title={Reinforcement learning in robotics: Applications and real-world challenges},
  author={Kormushev, Petar and Calinon, Sylvain and Caldwell, Darwin G},
  journal={Robotics},
  volume={2},
  number={3},
  pages={122--148},
  year={2013},
  publisher={Multidisciplinary Digital Publishing Institute}
}

@inproceedings{kragic2006strategies,
  title={Strategies for object manipulation using foveal and peripheral vision},
  author={Kragic, Danica and Bjorkman, Marten},
  booktitle={Computer Vision Systems, 2006 ICVS'06. IEEE International Conference on},
  pages={50--50},
  year={2006},
  organization={IEEE}
}

@article{kragic2005vision,
  title={Vision for robotic object manipulation in domestic settings},
  author={Kragic, Danica and Bj{\"o}rkman, M{\aa}rten and Christensen, Henrik I and Eklundh, Jan-Olof},
  journal={Robotics and autonomous Systems},
  volume={52},
  number={1},
  pages={85--100},
  year={2005},
  publisher={Elsevier}
}

@inproceedings{lai2011scalable,
  title={A Scalable Tree-Based Approach for Joint Object and Pose Recognition.},
  author={Lai, Kevin and Bo, Liefeng and Ren, Xiaofeng and Fox, Dieter},
  booktitle={AAAI},
  year={2011}
}

@inproceedings{lee1999information,
  title={An Information-Theoretic Framework for Understanding Saccadic Eye Movements.},
  author={Lee, Tai Sing and Stella, X Yu},
  booktitle={NIPS},
  pages={834--840},
  year={1999}
}

@article{li2014visual,
  title={Visual saliency with statistical priors},
  author={Li, Jia and Tian, Yonghong and Huang, Tiejun},
  journal={International Journal of Computer Vision},
  volume={107},
  number={3},
  pages={239--253},
  year={2014},
  publisher={Springer}
}

@inproceedings{lopes2012strategic,
  title={The strategic student approach for life-long exploration and learning},
  author={Lopes, Manuel and Oudeyer, P-Y},
  booktitle={Development and Learning and Epigenetic Robotics (ICDL), 2012 IEEE International Conference on},
  pages={1--8},
  year={2012},
  organization={IEEE}
}

@article{lopes2010guest,
  title={Guest editorial active learning and intrinsically motivated exploration in robots: Advances and challenges},
  author={Lopes, Manuel and Oudeyer, Pierre-Yves and others},
  journal={IEEE Transactions on Autonomous Mental Development},
  volume={2},
  number={2},
  pages={65--69},
  year={2010}
}

@inproceedings{lyubova2012developmental,
  title={Developmental approach for interactive object discovery},
  author={Lyubova, Natalia and Filliat, David},
  booktitle={Neural Networks (IJCNN), The 2012 International Joint Conference on},
  pages={1--7},
  year={2012},
  organization={IEEE}
}

@inproceedings{mangin2013learning,
  title={Learning semantic components from subsymbolic multimodal perception},
  author={Mangin, Olivier and Oudeyer, Pierre-Yves},
  booktitle={Development and Learning and Epigenetic Robotics (ICDL), 2013 IEEE Third Joint International Conference on},
  pages={1--7},
  year={2013},
  organization={IEEE}
}

@phdthesis{mccallum1996reinforcement,
  title={Reinforcement learning with selective perception and hidden state},
  author={McCallum, Andrew Kachites},
  year={1996},
  school={University of Rochester}
}

@inproceedings{mccallum1996learning,
  title={Learning visual routines with reinforcement learning},
  author={McCallum, Andrew Kachites},
  booktitle={AAAI Fall Symposium 1996},
  year={1996}
}

@inproceedings{metta2003early,
  title={Early integration of vision and manipulation},
  author={Metta, Giorgio and Fitzpatrick, Paul},
  booktitle={Neural Networks, 2003. Proceedings of the International Joint Conference on},
  volume={4},
  pages={2703--vol},
  year={2003},
  organization={IEEE}
}
@article{le2007predicting,
  title={Predicting visual fixations on video based on low-level visual features},
  author={Le Meur, Olivier and Le Callet, Patrick and Barba, Dominique},
  journal={Vision research},
  volume={47},
  number={19},
  pages={2483--2498},
  year={2007},
  publisher={Elsevier}
}

@inproceedings{minut2001reinforcement,
  title={A reinforcement learning model of selective visual attention},
  author={Minut, Silviu and Mahadevan, Sridhar},
  booktitle={Proceedings of the fifth international conference on Autonomous agents},
  pages={457--464},
  year={2001},
  organization={ACM}
}

@inproceedings{moulin2013exploration,
  title={Exploration strategies in developmental robotics: a unified probabilistic framework},
  author={Moulin-Frier, Cl{\'e}ment and Oudeyer, Pierre-Yves},
  booktitle={Development and Learning and Epigenetic Robotics (ICDL), 2013 IEEE Third Joint International Conference on},
  pages={1--6},
  year={2013},
  organization={IEEE}
}

@inproceedings{nguyen2013learning,
  title={Learning to recognize objects through curiosity-driven manipulation with the iCub humanoid robot},
  author={Nguyen, Sao Mai and Ivaldi, Serena and Lyubova, Natalia and Droniou, Alain and Gerardeaux-Viret, Damien and Filliat, David and Padois, Vincent and Sigaud, Olivier and Oudeyer, Pierre-Yves},
  booktitle={Development and Learning and Epigenetic Robotics (ICDL), 2013 IEEE Third Joint International Conference on},
  pages={1--8},
  year={2013},
  organization={IEEE}
}

@article{niv2009reinforcement,
  title={Reinforcement learning in the brain},
  author={Niv, Yael},
  journal={Journal of Mathematical Psychology},
  volume={53},
  number={3},
  pages={139--154},
  year={2009},
  publisher={Elsevier}
}

@article{o2001sensorimotor,
  title={A sensorimotor account of vision and visual consciousness},
  author={O'Regan, J Kevin and No{\"e}, Alva},
  journal={Behavioral and brain sciences},
  volume={24},
  number={05},
  pages={939--973},
  year={2001},
  publisher={Cambridge Univ Press}
}

@article{oliva2007role,
  title={The role of context in object recognition},
  author={Oliva, Aude and Torralba, Antonio},
  journal={Trends in cognitive sciences},
  volume={11},
  number={12},
  pages={520--527},
  year={2007},
  publisher={Elsevier}
}

@inproceedings{orabona2005object,
  title={Object-based visual attention: a model for a behaving robot},
  author={Orabona, Francesco and Metta, Giorgio and Sandini, Giulio},
  booktitle={Computer Vision and Pattern Recognition-Workshops, 2005. CVPR Workshops. IEEE Computer Society Conference on},
  pages={89--89},
  year={2005},
  organization={IEEE}
}

@incollection{orabona2007proto,
  title={A proto-object based visual attention model},
  author={Orabona, Francesco and Metta, Giorgio and Sandini, Giulio},
  booktitle={Attention in cognitive systems. Theories and systems from an interdisciplinary viewpoint},
  pages={198--215},
  year={2007},
  publisher={Springer}
}

@incollection{oudeyer2013intrinsically,
  title={Intrinsically motivated learning of real-world sensorimotor skills with developmental constraints},
  author={Oudeyer, Pierre-Yves and Baranes, Adrien and Kaplan, Fr{\'e}d{\'e}ric},
  booktitle={Intrinsically motivated learning in natural and artificial systems},
  pages={303--365},
  year={2013},
  publisher={Springer}
}

@inproceedings{oudeyer2005playground,
  title={The playground experiment: Task-independent development of a curious robot},
  author={Oudeyer, Pierre-Yves and Kaplan, Fr{\'e}d{\'e}ric and Hafner, Verena V and Whyte, Andrew},
  booktitle={Proceedings of the AAAI Spring Symposium on Developmental Robotics},
  pages={42--47},
  year={2005},
  organization={Stanford, California}
}

@inproceedings{oudeyer2008can,
  title={How can we define intrinsic motivation?},
  author={Oudeyer, Pierre-Yves and Kaplan, Frederic and others},
  booktitle={proceedings of the 8th international conference on epigenetic robotics: modeling cognitive development in robotic systems},
  year={2008}
}

@article{oudeyer2007intrinsic,
  title={Intrinsic motivation systems for autonomous mental development},
  author={Oudeyer, P-Y and Kaplan, Fr{\'e}d{\'e}ric and Hafner, Verena Vanessa},
  journal={Evolutionary Computation, IEEE Transactions on},
  volume={11},
  number={2},
  pages={265--286},
  year={2007},
  publisher={IEEE}
}

@article{oudeyer2012active,
  title={Active choice of teachers, learning strategies and goals for a socially guided intrinsic motivation learner},
  author={Oudeyer, Pierre-Yves and others},
  journal={Paladyn},
  volume={3},
  number={3},
  pages={136--146},
  year={2012},
  publisher={Springer}
}

@inproceedings{paletta2005q,
  title={Q-learning of sequential attention for visual object recognition from informative local descriptors},
  author={Paletta, Lucas and Fritz, Gerald and Seifert, Christin},
  booktitle={Proceedings of the 22nd international conference on Machine learning},
  pages={649--656},
  year={2005},
  organization={ACM}
}

@article{paletta2000active,
  title={Active object recognition by view integration and reinforcement learning},
  author={Paletta, Lucas and Pinz, Axel},
  journal={Robotics and Autonomous Systems},
  volume={31},
  number={1},
  pages={71--86},
  year={2000},
  publisher={Elsevier}
}

@article{pinto2009high,
  title={A high-throughput screening approach to discovering good forms of biologically inspired visual representation},
  author={Pinto, Nicolas and Doukhan, David and DiCarlo, James J and Cox, David D},
  journal={PLoS computational biology},
  volume={5},
  number={11},
  pages={e1000579},
  year={2009},
  publisher={Public Library of Science}
}

@article{rao1995active,
  title={An active vision architecture based on iconic representations},
  author={Rao, Rajesh PN and Ballard, Dana H},
  journal={Artificial Intelligence},
  volume={78},
  number={1},
  pages={461--505},
  year={1995},
  publisher={Elsevier}
}

@article{rasolzadeh2010active,
  title={An active vision system for detecting, fixating and manipulating objects in the real world},
  author={Rasolzadeh, Babak and Bj{\"o}rkman, M{\aa}rten and Huebner, Kai and Kragic, Danica},
  journal={The International Journal of Robotics Research},
  volume={29},
  number={2-3},
  pages={133--154},
  year={2010},
  publisher={SAGE Publications}
}

@inproceedings{renninger2004information,
  title={An information maximization model of eye movements},
  author={Renninger, Laura W and Coughlan, James M and Verghese, Preeti and Malik, Jitendra},
  booktitle={Advances in neural information processing systems},
  pages={1121--1128},
  year={2004}
}

@article{rensink2000seeing,
  title={Seeing, sensing, and scrutinizing},
  author={Rensink, Ronald A},
  journal={Vision research},
  volume={40},
  number={10},
  pages={1469--1487},
  year={2000},
  publisher={Elsevier}
}

@article{rouanet2013impact,
  title={The impact of human--robot interfaces on the learning of visual objects},
  author={Rouanet, Pierre and Oudeyer, Pierre-Yves and Danieau, Fabien and Filliat, David},
  journal={Robotics, IEEE Transactions on},
  volume={29},
  number={2},
  pages={525--541},
  year={2013},
  publisher={IEEE}
}

@inproceedings{ruesch2008multimodal,
  title={Multimodal saliency-based bottom-up attention a framework for the humanoid robot icub},
  author={Ruesch, Jonas and Lopes, Manuel and Bernardino, Alexandre and Hornstein, Jonas and Santos-Victor, Jos{\'e} and Pfeifer, Rolf},
  booktitle={Robotics and Automation, 2008. ICRA 2008. IEEE International Conference on},
  pages={962--967},
  year={2008},
  organization={IEEE}
}

@inproceedings{rutishauser2004bottom,
  title={Is bottom-up attention useful for object recognition?},
  author={Rutishauser, Ueli and Walther, Dirk and Koch, Christof and Perona, Pietro},
  booktitle={Computer Vision and Pattern Recognition, 2004. CVPR 2004. Proceedings of the 2004 IEEE Computer Society Conference on},
  volume={2},
  pages={II--37},
  year={2004},
  organization={IEEE}
}

@inproceedings{saidi2007online,
  title={Online object search with a humanoid robot},
  author={Saidi, Francois and Stasse, Olivier and Yokoi, Kazuhito and Kanehiro, Fumio},
  booktitle={Intelligent Robots and Systems, 2007. IROS 2007. IEEE/RSJ International Conference on},
  pages={1677--1682},
  year={2007},
  organization={IEEE}
}

@inproceedings{schmidhuber1991curious,
  title={Curious model-building control systems},
  author={Schmidhuber, J{\"u}rgen},
  booktitle={Neural Networks, 1991. 1991 IEEE International Joint Conference on},
  pages={1458--1463},
  year={1991},
  organization={IEEE}
}

@article{schmidhuber2006developmental,
  title={Developmental robotics, optimal artificial curiosity, creativity, music, and the fine arts},
  author={Schmidhuber, J{\"u}rgen},
  journal={Connection Science},
  volume={18},
  number={2},
  pages={173--187},
  year={2006},
  publisher={Taylor \& Francis}
}

@article{serre2007robust,
  title={Robust object recognition with cortex-like mechanisms},
  author={Serre, Thomas and Wolf, Lior and Bileschi, Stanley and Riesenhuber, Maximilian and Poggio, Tomaso},
  journal={Pattern Analysis and Machine Intelligence, IEEE Transactions on},
  volume={29},
  number={3},
  pages={411--426},
  year={2007},
  publisher={IEEE}
}

@article{settles2010active,
  title={Active learning literature survey},
  author={Settles, Burr},
  journal={University of Wisconsin, Madison},
  volume={52},
  pages={55--66},
  year={2010}
}

@article{sun2003object,
  title={Object-based visual attention for computer vision},
  author={Sun, Yaoru and Fisher, Robert},
  journal={Artificial Intelligence},
  volume={146},
  number={1},
  pages={77--123},
  year={2003},
  publisher={Elsevier}
}

@book{barto1998reinforcement,
  title={Reinforcement learning: An introduction},
  author={Barto, Andrew G},
  year={1998},
  publisher={MIT press}
}

@article{szepesvari2010algorithms,
  title={Algorithms for reinforcement learning},
  author={Szepesv{\'a}ri, Csaba},
  journal={Synthesis Lectures on Artificial Intelligence and Machine Learning},
  volume={4},
  number={1},
  pages={1--103},
  year={2010},
  publisher={Morgan \& Claypool Publishers}
}

@inproceedings{tang2008non,
  title={Non-negative matrix factorisation for object class discovery and image auto-annotation},
  author={Tang, Jiayu and Lewis, Paul H},
  booktitle={Proceedings of the 2008 international conference on Content-based image and video retrieval},
  pages={105--112},
  year={2008},
  organization={ACM}
}
 %%%%%%%%%%%%%%%%%
@article{torralba2003contextual,
  title={Contextual priming for object detection},
  author={Torralba, Antonio},
  journal={International Journal of Computer Vision},
  volume={53},
  number={2},
  pages={169--191},
  year={2003},
  publisher={Springer}
}

@inproceedings{van2012maximally,
  title={Maximally informative interaction learning for scene exploration},
  author={Van Hoof, Herke and Kroemer, Oliver and Ben Amor, H and Peters, Jan},
  booktitle={Intelligent Robots and Systems (IROS), 2012 IEEE/RSJ International Conference on},
  pages={5152--5158},
  year={2012},
  organization={IEEE}
}

@inproceedings{vijayakumar2001overt,
  title={Overt visual attention for a humanoid robot},
  author={Vijayakumar, Sethu and Conradt, J{\"o}rg and Shibata, Tomohiro and Schaal, Stefan},
  booktitle={Intelligent Robots and Systems, 2001. Proceedings. 2001 IEEE/RSJ International Conference on},
  volume={4},
  pages={2332--2337},
  year={2001},
  organization={IEEE}
}

@article{walther2006modeling,
  title={Modeling attention to salient proto-objects},
  author={Walther, Dirk and Koch, Christof},
  journal={Neural networks},
  volume={19},
  number={9},
  pages={1395--1407},
  year={2006},
  publisher={Elsevier}
}

@article{walther2005selective,
  title={Selective visual attention enables learning and recognition of multiple objects in cluttered scenes},
  author={Walther, Dirk and Rutishauser, Ueli and Koch, Christof and Perona, Pietro},
  journal={Computer Vision and Image Understanding},
  volume={100},
  number={1},
  pages={41--63},
  year={2005},
  publisher={Elsevier}
}

@inproceedings{weber2000towards,
  title={Towards automatic discovery of object categories},
  author={Weber, Markus and Welling, Max and Perona, Pietro},
  booktitle={Computer Vision and Pattern Recognition, 2000. Proceedings. IEEE Conference on},
  volume={2},
  pages={101--108},
  year={2000},
  organization={IEEE}
}

@article{weng2001autonomous,
  title={Autonomous mental development by robots and animals},
  author={Weng, Juyang and McClelland, James and Pentland, Alex and Sporns, Olaf and Stockman, Ida and Sur, Mriganka and Thelen, Esther},
  journal={Science},
  volume={291},
  number={5504},
  pages={599--600},
  year={2001},
  publisher={American Association for the Advancement of Science}
}

@article{weng2004developmental,
  title={Developmental robotics: Theory and experiments},
  author={Weng, Juyang},
  journal={International Journal of Humanoid Robotics},
  volume={1},
  number={02},
  pages={199--236},
  year={2004},
  publisher={World Scientific}
}

@article{wischnewski2010look,
  title={Where to look next? Combining static and dynamic proto-objects in a TVA-based model of visual attention},
  author={Wischnewski, Marco and Belardinelli, Anna and Schneider, Werner X and Steil, Jochen J},
  journal={Cognitive computation},
  volume={2},
  number={4},
  pages={326--343},
  year={2010},
  publisher={Springer}
}

@article{zeki1998review,
  title={REVIEW: Parallel Processing, Asynchronous Perception, and a Distributed System of Consciousness in Vision},
  author={Zeki, Semir},
  journal={The Neuroscientist},
  volume={4},
  number={5},
  pages={365--372},
  year={1998},
  publisher={SAGE Publications}
}

@article{zhao2011learning,
  title={Learning a saliency map using fixated locations in natural scenes},
  author={Zhao, Qi and Koch, Christof},
  journal={Journal of vision},
  volume={11},
  number={3},
  pages={9},
  year={2011},
  publisher={Association for Research in Vision and Ophthalmology}
}

@book{hawkins2007intelligence,
  title={On intelligence},
  author={Hawkins, Jeff and Blakeslee, Sandra},
  year={2007},
  publisher={Macmillan}
}

@inproceedings{sivic2008unsupervised,
  title={Unsupervised discovery of visual object class hierarchies},
  author={Sivic, Josef and Russell, Bryan C and Zisserman, Andrew and Freeman, William T and Efros, Alexei A},
  booktitle={Computer Vision and Pattern Recognition, 2008. CVPR 2008. IEEE Conference on},
  pages={1--8},
  year={2008},
  organization={IEEE}
}

@techreport{blackburn1993simple,
  title={A simple computational model of center-surround receptive fields in the retina},
  author={Blackburn, MR},
  year={1993},
  institution={DTIC Document}
}

@article{lindeberg2013computational,
  title={A computational theory of visual receptive fields},
  author={Lindeberg, Tony},
  journal={Biological cybernetics},
  volume={107},
  number={6},
  pages={589--635},
  year={2013},
  publisher={Springer}
}


@misc{artificialRetina,
  author       = {U.S. Department of Energy office science},
  title        = {How the Artificial Retina Works},
  year = {2008},
  howpublished = {http://artificialretina.energy.gov/howartificialretinaworks.shtml}
}

@article{bernard1993programmable,
  title={A programmable VLSI retina for rough vision},
  author={Bernard, Thierry M and Nguyen, PE and Devos, Francis J and Zavidovique, BY},
  journal={Machine vision and Applications},
  volume={7},
  number={1},
  pages={4--11},
  year={1993},
  publisher={Springer}
}

@inproceedings{alahi2012freak,
  title={Freak: Fast retina keypoint},
  author={Alahi, Alexandre and Ortiz, Raphael and Vandergheynst, Pierre},
  booktitle={Computer Vision and Pattern Recognition (CVPR), 2012 IEEE Conference on},
  pages={510--517},
  year={2012},
  organization={Ieee}
}

@book{rodieck2003vision,
  title={La vision},
  author={Rodieck, Robert W},
  year={2003},
  publisher={De Boeck Sup{\'e}rieur}
}

@techreport{posner1989attention,
  title={The attention system of the human brain},
  author={Posner, Michael I and Petersen, Steven E},
  year={1989},
  institution={DTIC Document}
}

@misc{eyebrainpedia,
  author       = {EyeBrain},
  title        = {EyeBrainPedia, functionnal structures},
  year = {2011},
  howpublished = {http://www.eyebrainpedia.com}
}

@article{viglarge,
  title={Large-Scale Optimization of Hierarchical Features for Saliency Prediction in Natural Images},
  author={Vig, Eleonora and Dorr, Michael and Cox, David},
  journal = {Computer Vision and Pattern Recognition},
  year = {2014}
}

@article{hawkins2006hierarchical,
  title={Hierarchical temporal memory: Concepts, theory and terminology},
  author={Hawkins, Jeff and George, Dileep},
  journal={Whitepaper, Numenta Inc},
  year={2006}
}

@article{marvcelja1980mathematical,
  title={Mathematical description of the responses of simple cortical cells*},
  author={Mar{\v{c}}elja, S},
  journal={JOSA},
  volume={70},
  number={11},
  pages={1297--1300},
  year={1980},
  publisher={Optical Society of America}
}

@article{ryan2000intrinsic,
  title={Intrinsic and extrinsic motivations: Classic definitions and new directions},
  author={Ryan, Richard M and Deci, Edward L},
  journal={Contemporary educational psychology},
  volume={25},
  number={1},
  pages={54--67},
  year={2000},
  publisher={Elsevier}
}

@article{cohen2003infant,
  title={Infant perception and cognition},
  author={Cohen, Leslie B and Cashon, Cara H},
  journal={Handbook of psychology},
  year={2003},
  publisher={Wiley Online Library}
}

@article{vitay2009biological,
  title={Biological models of reinforcement learning},
  author={Vitay, Julien and Fix, J{\'e}r{\'e}my and Beuth, Frederik and Schroll, Henning and Hamker, Fred H},
  journal={K{\"u}nstl Intell},
  volume={3},
  number={2009},
  pages={12--18},
  year={2009}
}


@article{n2014saccade,
  title={Saccade learning with concurrent cortical and subcortical basal ganglia loops},
  author={N'guyen, Steve and Thurat, Charles and Girard, Beno{\^\i}t},
  journal={Frontiers in computational neuroscience},
  volume={8},
  year={2014},
  publisher={Frontiers Media SA}
}

@article{albin1989functional,
  title={The functional anatomy of basal ganglia disorders},
  author={Albin, Roger L and Young, Anne B and Penney, John B},
  journal={Trends in neurosciences},
  volume={12},
  number={10},
  pages={366--375},
  year={1989},
  publisher={Elsevier}
}



@article{colombo2001development,
  title={The development of visual attention in infancy},
  author={Colombo, John},
  journal={Annual review of psychology},
  volume={52},
  number={1},
  pages={337--367},
  year={2001},
  publisher={Annual Reviews 4139 El Camino Way, PO Box 10139, Palo Alto, CA 94303-0139, USA}
}



@inproceedings{fritz2004rapid,
  title={Rapid object recognition from discriminative regions of interest},
  author={Fritz, Gerald and Seifert, Christin and Paletta, Lucas and Bischof, Horst},
  booktitle={AAAI},
  pages={444--449},
  year={2004}
}

@inproceedings{zhu2012unsupervised,
  title={Unsupervised object class discovery via saliency-guided multiple class learning},
  author={Zhu, Jun-Yan and Wu, Jiajun and Wei, Yichen and Chang, Eric and Tu, Zhuowen},
  booktitle={Computer Vision and Pattern Recognition (CVPR), 2012 IEEE Conference on},
  pages={3218--3225},
  year={2012},
  organization={IEEE}
}

@article{choi2004biologically,
  title={Biologically motivated visual attention system using bottom-up saliency map and top-down inhibition},
  author={Choi, Sang-Bok and Ban, Sang-Woo and Lee, Minho},
  journal={Neural Information Processing-Letters and Review},
  volume={2},
  number={1},
  year={2004}
}

@article{tsotsos1995modeling,
  title={Modeling visual attention via selective tuning},
  author={Tsotsos, John K and Culhane, Scan M and Kei Wai, Winky Yan and Lai, Yuzhong and Davis, Neal and Nuflo, Fernando},
  journal={Artificial intelligence},
  volume={78},
  number={1},
  pages={507--545},
  year={1995},
  publisher={Elsevier}
}

@article{hamker2005emergence,
  title={The emergence of attention by population-based inference and its role in distributed processing and cognitive control of vision},
  author={Hamker, Fred H},
  journal={Computer Vision and Image Understanding},
  volume={100},
  number={1},
  pages={64--106},
  year={2005},
  publisher={Elsevier}
}

@article{frintrop2005bimodal,
  title={A bimodal laser-based attention system},
  author={Frintrop, Simone and Rome, Erich and N{\"u}chter, Andreas and Surmann, Hartmut},
  journal={Computer Vision and Image Understanding},
  volume={100},
  number={1},
  pages={124--151},
  year={2005},
  publisher={Elsevier}
}

@inproceedings{xu2009autonomous,
  title={Autonomous switching of top-down and bottom-up attention selection for vision guided mobile robots},
  author={Xu, Tingting and Chenkov, Nikolay and Kuhnlenz, Kolja and Buss, Martin},
  booktitle={Intelligent Robots and Systems, 2009. IROS 2009. IEEE/RSJ International Conference on},
  pages={4009--4014},
  year={2009},
  organization={IEEE}
}

@article{schultz1997neural,
  title={A neural substrate of prediction and reward},
  author={Schultz, Wolfram and Dayan, Peter and Montague, P Read},
  journal={Science},
  volume={275},
  number={5306},
  pages={1593--1599},
  year={1997},
  publisher={American Association for the Advancement of Science}
}

@inproceedings{chandrashekhariah2013let,
  title={Let it Learn-A Curious Vision System for Autonomous Object Learning.},
  author={Chandrashekhariah, Pramod and Spina, Gabriele and Triesch, Jochen},
  booktitle={VISAPP (2)},
  pages={169--176},
  year={2013}
}

@article{blank2005bringing,
  title={Bringing up robot: Fundamental mechanisms for creating a self-motivated, self-organizing architecture},
  author={Blank, Douglas and Kumar, Deepak and Meeden, Lisa and Marshall, James B},
  journal={Cybernetics and Systems: An International Journal},
  volume={36},
  number={2},
  pages={125--150},
  year={2005},
  publisher={Taylor \& Francis}
}

@inproceedings{sprague2003eye,
  title={Eye movements for reward maximization},
  author={Sprague, Nathan and Ballard, Dana},
  booktitle={Advances in neural information processing systems},
  pages={None},
  year={2003}
}


@incollection{peng2014rgbd,
  title={RGBD Salient Object Detection: A Benchmark and Algorithms},
  author={Peng, Houwen and Li, Bing and Xiong, Weihua and Hu, Weiming and Ji, Rongrong},
  booktitle={Computer Vision--ECCV 2014},
  pages={92--109},
  year={2014},
  publisher={Springer}
}

@inproceedings{ciptadi2013depth,
  title={An In Depth View of Saliency},
  author={Ciptadi, Arridhana and Hermans, Tucker and Rehg, James M},
  booktitle={Eds: T. Burghardt, D. Damen, W. Mayol-Cuevas, M. Mirmehdi, In Proceedings of the British Machine Vision Conference (BMVC 2013)},
  pages={9--13},
  year={2013}
}

@article{achanta2012slic,
  title={SLIC superpixels compared to state-of-the-art superpixel methods},
  author={Achanta, Radhakrishna and Shaji, Appu and Smith, Kevin and Lucchi, Aurelien and Fua, Pascal and Susstrunk, Sabine},
  journal={Pattern Analysis and Machine Intelligence, IEEE Transactions on},
  volume={34},
  number={11},
  pages={2274--2282},
  year={2012},
  publisher={IEEE}
}

@inproceedings{lai2011large,
  title={A large-scale hierarchical multi-view rgb-d object dataset},
  author={Lai, Kevin and Bo, Liefeng and Ren, Xiaofeng and Fox, Dieter},
  booktitle={Robotics and Automation (ICRA), 2011 IEEE International Conference on},
  pages={1817--1824},
  year={2011},
  organization={IEEE}
}

@inproceedings{richtsfeld2012segmentation,
  title={Segmentation of unknown objects in indoor environments},
  author={Richtsfeld, Andreas and Morwald, Thomas and Prankl, Johann and Zillich, Michael and Vincze, Markus},
  booktitle={Intelligent Robots and Systems (IROS), 2012 IEEE/RSJ International Conference on},
  pages={4791--4796},
  year={2012},
  organization={IEEE}
}

@article{breiman2001random,
  title={Random forests},
  author={Breiman, Leo},
  journal={Machine learning},
  volume={45},
  number={1},
  pages={5--32},
  year={2001},
  publisher={Springer}
}

@article{russakovsky2014imagenet,
  title={Imagenet large scale visual recognition challenge},
  author={Russakovsky, Olga and Deng, Jia and Su, Hao and Krause, Jonathan and Satheesh, Sanjeev and Ma, Sean and Huang, Zhiheng and Karpathy, Andrej and Khosla, Aditya and Bernstein, Michael and others},
  journal={arXiv preprint arXiv:1409.0575},
  year={2014}
}

@article{boduroglu2009cultural,
  title={Cultural differences in allocation of attention in visual information processing},
  author={Boduroglu, Aysecan and Shah, Priti and Nisbett, Richard E},
  journal={Journal of Cross-Cultural Psychology},
  volume={40},
  number={3},
  pages={349--360},
  year={2009},
  publisher={Sage Publications}
}

@article{harter1990visual,
  title={Visual-spatial attention: preparation and selection in children and adults.},
  author={Harter, MR and Anllo-Vento, L},
  journal={Electroencephalography and clinical neurophysiology. Supplement},
  volume={42},
  pages={183--194},
  year={1990}
}

@incollection{van2012seeds,
  title={SEEDS: Superpixels extracted via energy-driven sampling},
  author={Van den Bergh, Michael and Boix, Xavier and Roig, Gemma and de Capitani, Benjamin and Van Gool, Luc},
  booktitle={Computer Vision--ECCV 2012},
  pages={13--26},
  year={2012},
  publisher={Springer}
}

@article{fischler1981random,
  title={Random sample consensus: a paradigm for model fitting with applications to image analysis and automated cartography},
  author={Fischler, Martin A and Bolles, Robert C},
  journal={Communications of the ACM},
  volume={24},
  number={6},
  pages={381--395},
  year={1981},
  publisher={ACM}
}

@inproceedings{saxena2005learning,
  title={Learning depth from single monocular images},
  author={Saxena, Ashutosh and Chung, Sung H and Ng, Andrew Y},
  booktitle={Advances in Neural Information Processing Systems},
  pages={1161--1168},
  year={2005}
}



